@comment{x-kbibtex-personnameformatting=<%l><, %f>}

@article{urmson2008autonomous,
	title={Autonomous driving in urban environments: Boss and the urban challenge},
	author={Urmson, Chris and Anhalt, Joshua and Bagnell, Drew and Baker, Christopher and Bittner, Robert and Clark, MN and Dolan, John and Duggins, Dave and Galatali, Tugrul and Geyer, Chris and others},
	journal={Journal of Field Robotics},
	volume={25},
	number={8},
	pages={425--466},
	year={2008},
	publisher={Wiley Online Library}
}      

@inproceedings{douillard2011segmentation,
	title={On the segmentation of 3D LIDAR point clouds},
	author={Douillard, Bertrand and Underwood, James and Kuntz, Noah and Vlaskine, Vsevolod and Quadros, Alastair and Morton, Peter and Frenkel, Alon},
	booktitle={IEEE International Conference on Robotics and Automation },
	pages={2798--2805},
	year={2011},
	organization={IEEE}
}

@inproceedings{moosmann2009segmentation,
	title={Segmentation of 3D lidar data in non-flat urban environments using a local convexity criterion},
	author={Moosmann, Frank and Pink, Oliver and Stiller, Christoph},
	booktitle={IEEE Intelligent Vehicles Symposium},
	pages={215--220},
	year={2009},
	organization={IEEE}
}

@inproceedings{himmelsbach2009real,
	title={Real-time object classification in 3D point clouds using point feature histograms},
	author={Himmelsbach, Michael and Luettel, Thorsten and Wuensche, H-J},
	booktitle={IEEE/RSJ International Conference on Intelligent Robots and Systems},
	pages={994--1000},
	year={2009},
	organization={IEEE}
}

@article{garcia2017review,
	title={A review on deep learning techniques applied to semantic segmentation},
	author={Garcia-Garcia, Alberto and Orts-Escolano, Sergio and Oprea, Sergiu and Villena-Martinez, Victor and Garcia-Rodriguez, Jose},
	journal={arXiv preprint arXiv:1704.06857},
	year={2017}
}

@article{weinmann2014semantic,
	AUTHOR = {Weinmann, M. and Jutzi, B. and Mallet, C.},
	TITLE = {Semantic 3D scene interpretation: A framework combining optimal neighborhood size selection with relevant features},
	JOURNAL = {ISPRS Annals of Photogrammetry, Remote Sensing and Spatial Information Sciences},
	VOLUME = {II-3},
	YEAR = {2014},
	PAGES = {181--188},
	organization={Elsevier}
} 
  
 
@article{zhu2006semi,
	title={Semi-supervised learning literature survey},
	author={Zhu, Xiaojin},
	journal={Computer Science, University of Wisconsin-Madison},
	volume={2},
	number={3},
	pages={4},
	year={2006}
}

@inproceedings{behley2012performance,
	title={Performance of histogram descriptors for the classification of 3d laser range data in urban environments},
	author={Behley, Jens and Steinhage, Volker and Cremers, Armin B},
	booktitle={Robotics and Automation (ICRA), 2012 IEEE International Conference on},
	pages={4391--4398},
	year={2012},
	organization={IEEE}
}

@inproceedings{hu2013efficient,
	title={Efficient 3-d scene analysis from streaming data},
	author={Hu, Hanzhang and Munoz, Daniel and Bagnell, J Andrew and Hebert, Martial},
	booktitle={IEEE International Conference on Robotics and Automation},
	pages={2297--2304},
	year={2013},
	organization={IEEE}
}

@inproceedings{\textbf{munoz2009onboard},
	title={Onboard contextual classification of 3-d point clouds with learned high-order markov random fields},
	author={Munoz, Daniel and Vandapel, Nicolas and Hebert, Martial},
	booktitle={IEEE International Conference on Robotics and Automation},
	year={2009},
	pages={2009--2016},
	organization={IEEE}
} 

@inproceedings{long2015fully,
	title={Fully convolutional networks for semantic segmentation},
	author={Long, Jonathan and Shelhamer, Evan and Darrell, Trevor},
	booktitle={IEEE conference on computer vision and pattern recognition},
	pages={3431--3440},
	year={2015}
}

@inproceedings{zhao2010scene,
	title={Scene understanding in a large dynamic environment through a laser-based sensing},
	author={Zhao, Huijing and Liu, Yiming and Zhu, Xiaolong and Zhao, Yipu and Zha, Hongbin},
	booktitle={IEEE International Conference on Robotics and Automation},
	pages={127--133},
	year={2010},
	organization={IEEE}
}

@article{hackel2016fast,
	title={FAST SEMANTIC SEGMENTATION OF 3D POINT CLOUDS WITH STRONGLY VARYING DENSITY.},
	author={Hackel, Timo and Wegner, Jan D and Schindler, Konrad},
	journal={ISPRS Annals of Photogrammetry, Remote Sensing and Spatial Information Sciences},
	VOLUME = {III-3},
	YEAR = {2016},
	PAGES = {177--184}
}

@inproceedings{himmelsbach2010fast,
	title={Fast segmentation of 3d point clouds for ground vehicles},
	author={Himmelsbach, Michael and Hundelshausen, Felix V and Wuensche, H-J},
	booktitle={IEEE Intelligent Vehicles Symposium},
	pages={560--565},
	year={2010},
	organization={IEEE}
}

@inproceedings{guinard2017weakly,
	title={Weakly supervised segmentation-aided classification of urban scenes from 3D lidar point clouds},
	author={Guinard, St{\'e}phane and Landrieu, Loic},
	booktitle={International
	Archives of the Photogrammetry, Remote Sensing \& Spatial Information
	Sciences},
	VOLUME = {XLII-1/W1},
	PAGES = {151--157},
	year={2017}
}
 

@inproceedings{hu2013efficient,
	title={Efficient 3-d scene analysis from streaming data},
	author={Hu, Hanzhang and Munoz, Daniel and Bagnell, J Andrew and Hebert, Martial},
	booktitle={IEEE International Conference on Robotics and Automation},
	pages={2297--2304},
	year={2013},
	organization={IEEE}
}
 
@inproceedings{munoz2012co,
	title={Co-inference for multi-modal scene analysis},
	author={Munoz, Daniel and Bagnell, James Andrew and Hebert, Martial},
	booktitle={European Conference on Computer Vision},
	pages={668--681},
	year={2012},
	organization={Springer}
}

@article{lalonde2006natural,
	title={Natural terrain classification using three-dimensional ladar data for ground robot mobility},
	author={Lalonde, Jean-Fran{\c{c}}ois and Vandapel, Nicolas and Huber, Daniel F and Hebert, Martial},
	journal={Journal of Field Robotics},
	volume={23},
	number={10},
	pages={839--861},
	year={2006},
	publisher={Wiley Online Library}
}

@inproceedings{behley2013laser,
	title={Laser-based segment classification using a mixture of bag-of-words},
	author={Behley, Jens and Steinhage, Volker and Cremers, Armin B},
	booktitle={IEEE/RSJ International Conference on Intelligent Robots and Systems},
	pages={4195--4200},
	year={2013},
	organization={IEEE}
}


@inproceedings{munoz2009onboard,
  title={Onboard contextual classification of 3-D point clouds with learned high-order Markov random fields},
  author={Munoz, Daniel and Vandapel, Nicolas and Hebert, Martial},
  booktitle={IEEE international conference on Robotics and Automation},
  pages={4273--4280},
  year={2009},
  organization={IEEE}
}

@inproceedings{munoz2009contextual,
	title={Contextual classification with functional max-margin markov networks},
	author={Munoz, Daniel and Bagnell, J Andrew and Vandapel, Nicolas and Hebert, Martial},
	booktitle={IEEE Conference on Computer Vision and Pattern Recognition},
	pages={975--982},
	year={2009},
	organization={IEEE}
}

@inproceedings{serna2014paris,
	title={Paris-rue-Madame database: a 3D mobile laser scanner dataset for benchmarking urban detection, segmentation and classification methods},
	author={Serna, Andr{\'e}s and Marcotegui, Beatriz and Goulette, Fran{\c{c}}ois and Deschaud, Jean-Emmanuel},
	booktitle={International Conference on Pattern Recognition, Applications and Methods},
	year={2014}
} 



@inproceedings{lu2012simplified,
	title={Simplified markov random fields for efficient semantic labeling of 3d point clouds},
	author={Lu, Yan and Rasmussen, Christopher},
	booktitle={IEEE/RSJ International Conference on Intelligent Robots and Systems},
	pages={2690--2697},
	year={2012},
	organization={IEEE}
}

@inproceedings{wang2015efficient,
	title={An efficient scene semantic labeling approach for 3d point cloud},
	author={Wang, Tianyi and Li, Jian and An, Xiangjing},
	booktitle={IEEE International Conference on Intelligent Transportation Systems},
	pages={2115--2120},
	year={2015},
	organization={IEEE}
}

@inproceedings{najafi2014non,
	title={Non-associative higher-order markov networks for point cloud classification},
	author={Najafi, Mohammad and Namin, Sarah Taghavi and Salzmann, Mathieu and Petersson, Lars},
	booktitle={European Conference on Computer Vision},
	pages={500--515},
	year={2014},
	organization={Springer}
}

@inproceedings{xiong20113,
	title={3-d scene analysis via sequenced predictions over points and regions},
	author={Xiong, Xuehan and Munoz, Daniel and Bagnell, J Andrew and Hebert, Martial},
	booktitle={IEEE International Conference on Robotics and Automation},
	pages={2609--2616},
	year={2011},
	organization={IEEE}
} 

@inproceedings{engelmann2017exploring,
	title={Exploring spatial context for 3d semantic segmentation of point clouds},
	author={Engelmann, Francis and Kontogianni, Theodora and Hermans, Alexander and Leibe, Bastian},
	booktitle={IEEE International Conference on Computer Vision Workshops},
	pages={716--724},
	year={2017},
	organization={IEEE}
} 

@inproceedings{lawin2017deep,
	title={Deep projective 3D semantic segmentation},
	author={Lawin, Felix J{\"a}remo and Danelljan, Martin and Tosteberg, Patrik and Bhat, Goutam and Khan, Fahad Shahbaz and Felsberg, Michael},
	booktitle={International Conference on Computer Analysis of Images and Patterns},
	pages={95--107},
	year={2017},
	organization={Springer}
}

@mastersthesis{tosteberg2017semantic,
	title={Semantic Segmentation of Point Clouds Using Deep Learning},
	author={Tosteberg, Patrik},
	school={Link\"{o}ping University},
	year={2017}	
}

@inproceedings{dewan17iros, 
	author = { Ayush Dewan, Gabriel L. Oliveira andWolfram Burgard},
	booktitle = {IEEE/RSJ International Conference on Intelligent Robots and Systems}, 
	organization = {IEEE}, 
	title = {Deep Semantic Classification for 3D LiDAR Data}, 
	pages={3544--3549},
	year = {2017} 
}

@article{wu2017squeezeseg,
	title={Squeezeseg: Convolutional neural nets with recurrent crf for real-time road-object segmentation from 3d lidar point cloud},
	author={Wu, Bichen and Wan, Alvin and Yue, Xiangyu and Keutzer, Kurt},
	journal={arXiv preprint arXiv:1710.07368},
	year={2017}
}

@inproceedings{geiger2012we,
	title={Are we ready for autonomous driving? the kitti vision benchmark suite},
	author={Geiger, Andreas and Lenz, Philip and Urtasun, Raquel},
	booktitle={IEEE Conference on Computer Vision and Pattern Recognition},
	pages={3354--3361},
	year={2012},
	organization={IEEE}
}

@article{piewak2018boosting,
	title={Boosting LiDAR-based Semantic Labeling by Cross-Modal Training Data Generation},
	author={Piewak, Florian and Pinggera, Peter and Sch{\"a}fer, Manuel and Peter, David and Schwarz, Beate and Schneider, Nick and Pfeiffer, David and Enzweiler, Markus and Z{\"o}llner, Marius},
	journal={arXiv preprint arXiv:1804.09915},
	year={2018}
}

@inproceedings{caltagirone2017fast,
	title={Fast LIDAR-based road detection using fully convolutional neural networks},
	author={Caltagirone, Luca and Scheidegger, Samuel and Svensson, Lennart and Wahde, Mattias},
	booktitle={IEEE Intelligent Vehicles Symposium},
	pages={1019--1024},
	year={2017},
	organization={IEEE}
}

@inproceedings{lawin2017deep,
	title={Deep projective 3D semantic segmentation},
	author={Lawin, Felix J{\"a}remo and Danelljan, Martin and Tosteberg, Patrik and Bhat, Goutam and Khan, Fahad Shahbaz and Felsberg, Michael},
	booktitle={International Conference on Computer Analysis of Images and Patterns},
	pages={95--107},
	year={2017},
	organization={Springer}
}

@article{tchapmi2017segcloud,
	title={SEGCloud: Semantic Segmentation of 3D Point Clouds},
	author={Tchapmi, Lyne P and Choy, Christopher B and Armeni, Iro and Gwak, JunYoung and Savarese, Silvio},
	journal={arXiv preprint arXiv:1710.07563},
	year={2017}
}

@article{hackel2017isprs, 
	title={{SEMANTIC3D.NET: A new large-scale point cloud classification benchmark}}, 
	author={Timo Hackel and N. Savinov and L. Ladicky and Jan D. Wegner and K. Schindler and M. Pollefeys}, 
	journal={ISPRS Annals of the Photogrammetry, Remote Sensing and Spatial Information Sciences}, 
	year = {2017}, 
	volume = {IV-1-W1}, 
	pages = {91--98} 
}

@ARTICLE{Geiger2013IJRR,
	author = {Andreas Geiger and Philip Lenz and Christoph Stiller and Raquel Urtasun},
	title = {Vision meets Robotics: The KITTI Dataset},
	journal = {International Journal of Robotics Research (IJRR)},
	year = {2013}
} 

@Misc{vpsdataset,  
	howpublished = {\url{http://www.hdrv.org/vps/}},  
	note = {Accessed June 10, 2018},  
	title = {Virtual Photo Sets},  
	author = {Link\"{o}ping University}  
}

@Misc{velodyne,  
	howpublished = {\url{http://www.velodynelidar.com/}},  
	note = {Accessed June 12, 2018},  
	title = {velodyne LiDAR}
}

@article{everingham2010pascal,
	title={The pascal visual object classes (voc) challenge},
	author={Everingham, Mark and Van Gool, Luc and Williams, Christopher KI and Winn, John and Zisserman, Andrew},
	journal={International journal of computer vision},
	volume={88},
	number={2},
	pages={303--338},
	year={2010},
	publisher={Springer}
}

@inproceedings{armeni20163d,
	title={3d semantic parsing of large-scale indoor spaces},
	author={Armeni, Iro and Sener, Ozan and Zamir, Amir R and Jiang, Helen and Brilakis, Ioannis and Fischer, Martin and Savarese, Silvio},
	booktitle={IEEE Conference on Computer Vision and Pattern Recognition},
	pages={1534--1543},
	year={2016},
	organization={IEEE}
}

@inproceedings{wu20153d,
	title={3d shapenets: A deep representation for volumetric shapes},
	author={Wu, Zhirong and Song, Shuran and Khosla, Aditya and Yu, Fisher and Zhang, Linguang and Tang, Xiaoou and Xiao, Jianxiong},
	booktitle={IEEE conference on computer vision and pattern recognition},
	pages={1912--1920},
	year={2015},
	organization={IEEE}
}
@article{yi2016scalable,
	title={A scalable active framework for region annotation in 3d shape collections},
	author={Yi, Li and Kim, Vladimir G and Ceylan, Duygu and Shen, I and Yan, Mengyan and Su, Hao and Lu, Cewu and Huang, Qixing and Sheffer, Alla and Guibas, Leonidas and others},
	journal={ACM Transactions on Graphics (TOG)},
	volume={35},
	number={6},
	pages={210},
	year={2016},
	publisher={ACM}
}
@InProceedings{armeni_cvpr16,
	title ={3D Semantic Parsing of Large-Scale Indoor Spaces},
	author = {Iro Armeni and Ozan Sener and Amir R. Zamir and Helen Jiang and Ioannis Brilakis and Martin Fischer and Silvio Savarese},
	booktitle = {International Conference on Computer Vision and Pattern Recognition},
	year = {2016}, 
	organization={IEEE}
	}

@inproceedings{GaidonCVPR2016,
	author = {Gaidon, A and Wang, Q and Cabon, Y and Vig, E},
	title = {Virtual Worlds as Proxy for Multi-Object Tracking Analysis},
	booktitle = {International Conference on Computer Vision and Pattern Recognition},
	year = {2016},
	organization={IEEE}
}


@inproceedings{silberman2012indoor,
	title={Indoor segmentation and support inference from rgbd images},
	author={Silberman, Nathan and Hoiem, Derek and Kohli, Pushmeet and Fergus, Rob},
	booktitle={European Conference on Computer Vision},
	pages={746--760},
	year={2012},
	organization={Springer}
}

@inproceedings{riegler2017octnet,
	title={Octnet: Learning deep 3d representations at high resolutions},
	author={Riegler, Gernot and Ulusoy, Ali Osman and Geiger, Andreas},
	booktitle={IEEE Conference on Computer Vision and Pattern Recognition},
	volume={3},
	pages={6620--6629},
	year={2017},
	organization={IEEE}
}

@inproceedings{qi2017pointnet,
	title={Pointnet: Deep learning on point sets for 3d classification and segmentation},
	author={Qi, Charles R and Su, Hao and Mo, Kaichun and Guibas, Leonidas J},
	booktitle={IEEE Conference on Computer Vision and Pattern Recognition},
	pages={77-85},
	year={2017},
	organization={IEEE}
}

@inproceedings{engelmann2017exploring,
	title={Exploring spatial context for 3d semantic segmentation of point clouds},
	author={Engelmann, Francis and Kontogianni, Theodora and Hermans, Alexander and Leibe, Bastian},
	booktitle={IEEE Conference on Computer Vision and Pattern Recognition},
	pages={716--724},
	year={2017},
	organization={IEEE}
}

@article{landrieu2017large,
	title={Large-scale Point Cloud Semantic Segmentation with Superpoint Graphs},
	author={Landrieu, Loic and Simonovsky, Martin},
	journal={arXiv preprint arXiv:1711.09869},
	year={2017}
}

@inproceedings{lange2005learning,
	title={Learning with constrained and unlabelled data},
	author={Lange, Tilman and Law, Martin HC and Jain, Anil K and Buhmann, Joachim M},
	booktitle={IEEE Computer Society Conference on Computer Vision and Pattern Recognition },
	volume={1},
	pages={731--738},
	year={2005},
	organization={IEEE}
}

@inproceedings{lu2005semi,
	title={Semi-supervised learning with penalized probabilistic clustering},
	author={Lu, Zhengdong and Leen, Todd K},
	booktitle={Advances in Neural Information Processing Systems},
	pages={849--856},
	year={2005}
}

@article{yan2006discriminative,
	title={A discriminative learning framework with pairwise constraints for video object classification},
	author={Yan, Rong and Zhang, Jian and Yang, Jie and Hauptmann, Alexander G},
	journal={IEEE Transactions on Pattern Analysis and Machine Intelligence},
	volume={28},
	number={4},
	pages={578--593},
	year={2006},
	publisher={IEEE}
}

@inproceedings{bauml2013semi,
	title={Semi-supervised learning with constraints for person identification in multimedia data},
	author={B{\"a}uml, Martin and Tapaswi, Makarand and Stiefelhagen, Rainer},
	booktitle={IEEE Conference on Computer Vision and Pattern Recognition},
	pages={3602--3609},
	year={2013},
	organization={IEEE}
}

@inproceedings{hong2015decoupled,
	title={Decoupled deep neural network for semi-supervised semantic segmentation},
	author={Hong, Seunghoon and Noh, Hyeonwoo and Han, Bohyung},
	booktitle={Advances in Neural Information Processing Systems},
	pages={1495--1503},
	year={2015}
}

@inproceedings{lin2016scribblesup,
	title={Scribblesup: Scribble-supervised convolutional networks for semantic segmentation},
	author={Lin, Di and Dai, Jifeng and Jia, Jiaya and He, Kaiming and Sun, Jian},
	booktitle={IEEE Conference on Computer Vision and Pattern Recognition},
	pages={3159--3167},
	year={2016},
	organization={IEEE}
}

@inproceedings{cour2009learning,
	title={Learning from ambiguously labeled images},
	author={Cour, Timothee and Sapp, Benjamin and Jordan, Chris and Taskar, Ben},
	booktitle={IEEE Conference on Computer Vision and Pattern Recognition},
	pages={919--926},
	year={2009},
	organization={IEEE}
}

@inproceedings{bearman2016s,
	title={What’s the point: Semantic segmentation with point supervision},
	author={Bearman, Amy and Russakovsky, Olga and Ferrari, Vittorio and Fei-Fei, Li},
	booktitle={European Conference on Computer Vision},
	pages={549--565},
	year={2016},
	organization={Springer}
}

@inproceedings{papandreou2015weakly,
	title={Weakly-and semi-supervised learning of a deep convolutional network for semantic image segmentation},
	author={Papandreou, George and Chen, Liang-Chieh and Murphy, Kevin P and Yuille, Alan L},
	booktitle={IEEE International Conference on Computer Vision},
	pages={1742--1750},
	year={2015},
	organization={IEEE}
}

@inproceedings{pathak2015constrained,
	title={Constrained convolutional neural networks for weakly supervised segmentation},
	author={Pathak, Deepak and Krahenbuhl, Philipp and Darrell, Trevor},
	booktitle={IEEE International Conference on Computer Vision},
	pages={1796--1804},
	year={2015},
	organization={IEEE}
}

@article{liu2011nonparametric,
	title={Nonparametric scene parsing via label transfer},
	author={Liu, Ce and Yuen, Jenny and Torralba, Antonio},
	journal={IEEE Transactions on Pattern Analysis and Machine Intelligence},
	volume={33},
	number={12},
	pages={2368--2382},
	year={2011},
	publisher={IEEE}
}

@inproceedings{xu2015learning,
	title={Learning to segment under various forms of weak supervision},
	author={Xu, Jia and Schwing, Alexander G and Urtasun, Raquel},
	booktitle={IEEE Conference on Computer Vision and Pattern Recognition},
	pages={3781--3790},
	year={2015},
	organization={IEEE}
}

@inproceedings{dai2015boxsup,
	title={Boxsup: Exploiting bounding boxes to supervise convolutional networks for semantic segmentation},
	author={Dai, Jifeng and He, Kaiming and Sun, Jian},
	booktitle={IEEE International Conference on Computer Vision},
	pages={1635--1643},
	year={2015},
	organization={IEEE}
}